
@inproceedings{foo,
  author = "Bar Foo",
  title = "The tao of foo",
  booktitle = "Proceedings of the Last Tridecadal Foo Conference",
  location = "Little Whingeing, Surrey, UK",
  month = June,
  year = 1959
}
